@online{Gee:2010:Roots,
	author = {Gee, Vic},
	title = {Roots of visual mapping},
	month = may,
	year = {2010},
	url = {http://www.mind-mapping.org/blog/mapping-history/roots-of-visual-mapping/},
	urldate = {2013-09-03}
}

@online{XMind:2009:Format,
	title = {XMind file format},
	month = nov,
	year = {2009},
	url = {https://code.google.com/p/xmind3/wiki/XMindFileFormat},
	urldate = {2013-10-12}
}
